%YAML 1.1
%TAG !u! tag:unity3d.com,2011:
--- !u!243 &-8761326200802147463
AudioMixerGroupController:
  m_ObjectHideFlags: 0
  m_CorrespondingSourceObject: {fileID: 0}
  m_PrefabInstance: {fileID: 0}
  m_PrefabAsset: {fileID: 0}
  m_Name: Guns
  m_AudioMixer: {fileID: 24100000}
  m_GroupID: 0e78e9faf96435141a3c7c49d7061e2c
  m_Children: []
  m_Volume: 166cfbfec2523a74eaad10631b396c24
  m_Pitch: 0fe7355be5758ca448508b936797d354
  m_Send: 00000000000000000000000000000000
  m_Effects:
  - {fileID: 3534785513007072575}
  m_UserColorIndex: 0
  m_Mute: 0
  m_Solo: 0
  m_BypassEffects: 0
--- !u!244 &-8448609500217918400
AudioMixerEffectController:
  m_ObjectHideFlags: 3
  m_CorrespondingSourceObject: {fileID: 0}
  m_PrefabInstance: {fileID: 0}
  m_PrefabAsset: {fileID: 0}
  m_Name: 
  m_EffectID: 7493ed656cf64134daabc6146a9eedfc
  m_EffectName: Attenuation
  m_MixLevel: 028a9317c9cf5494c8d11d887a4f5081
  m_Parameters: []
  m_SendTarget: {fileID: 0}
  m_EnableWetMix: 0
  m_Bypass: 0
--- !u!244 &-3413440264057046129
AudioMixerEffectController:
  m_ObjectHideFlags: 3
  m_CorrespondingSourceObject: {fileID: 0}
  m_PrefabInstance: {fileID: 0}
  m_PrefabAsset: {fileID: 0}
  m_Name: 
  m_EffectID: 3dd44da93e2e937418db00a9e2e957e7
  m_EffectName: Attenuation
  m_MixLevel: 107125e04480d754c887fb614ac7e7e7
  m_Parameters: []
  m_SendTarget: {fileID: 0}
  m_EnableWetMix: 0
  m_Bypass: 0
--- !u!244 &-57391149467734490
AudioMixerEffectController:
  m_ObjectHideFlags: 3
  m_CorrespondingSourceObject: {fileID: 0}
  m_PrefabInstance: {fileID: 0}
  m_PrefabAsset: {fileID: 0}
  m_Name: 
  m_EffectID: ab81db9a05c1ea54682009e91f493c1f
  m_EffectName: SFX Reverb
  m_MixLevel: fa51ff6eb29ab83498249264a1f92975
  m_Parameters:
  - m_ParameterName: Dry Level
    m_GUID: 0cd8f159d091010439f6a205618a180d
  - m_ParameterName: Room
    m_GUID: 9e978429c5085ea4e9886a0f62556980
  - m_ParameterName: Room HF
    m_GUID: 1fc29a63fc1592c4ca5369435ef50320
  - m_ParameterName: Decay Time
    m_GUID: 48ab624063471834d8d2028d3086fde8
  - m_ParameterName: Decay HF Ratio
    m_GUID: 5ac0afca2a3faae488b12bbf742c0565
  - m_ParameterName: Reflections
    m_GUID: d8f36b3ba2541654abef7cdfad6265d5
  - m_ParameterName: Reflect Delay
    m_GUID: eb1c35014d78dc44aa8c8a66be98cdb8
  - m_ParameterName: Reverb
    m_GUID: 41d89125ee5ef2742824bae37254425e
  - m_ParameterName: Reverb Delay
    m_GUID: 91caa2e32b569284fb0bf57e165f96ac
  - m_ParameterName: Diffusion
    m_GUID: ab21888a16620aa4b846fa5510e2487a
  - m_ParameterName: Density
    m_GUID: d20e5816491a386479fea77530abb5a2
  - m_ParameterName: HF Reference
    m_GUID: f3bce1fcfb4fb3f4f8f0e66267dcfa9a
  - m_ParameterName: Room LF
    m_GUID: 5aa9bb7ead9a40942bfca12e3c8b8510
  - m_ParameterName: LF Reference
    m_GUID: 1f88f87d653a4d34688d81a047c2ec79
  m_SendTarget: {fileID: 0}
  m_EnableWetMix: 0
  m_Bypass: 0
--- !u!241 &24100000
AudioMixerController:
  m_ObjectHideFlags: 0
  m_CorrespondingSourceObject: {fileID: 0}
  m_PrefabInstance: {fileID: 0}
  m_PrefabAsset: {fileID: 0}
  m_Name: AudioMixer
  m_OutputGroup: {fileID: 0}
  m_MasterGroup: {fileID: 24300002}
  m_Snapshots:
  - {fileID: 24500006}
  - {fileID: 5212983955968334111}
  m_StartSnapshot: {fileID: 24500006}
  m_SuspendThreshold: -80
  m_EnableSuspend: 1
  m_UpdateMode: 0
  m_ExposedParameters: []
  m_AudioMixerGroupViews:
  - guids:
    - 5fa05e77117d20c4e8edd32715e08ddf
    - 6022f2bb0b4b467479311bc2ee3a1a18
    - 9c985b066167e564cbbb6d454d898101
    - 0e78e9faf96435141a3c7c49d7061e2c
    - 362f951b39159074cabafd94f8fa3fce
    name: View
  m_CurrentViewIndex: 0
  m_TargetSnapshot: {fileID: 5212983955968334111}
--- !u!243 &24300002
AudioMixerGroupController:
  m_ObjectHideFlags: 0
  m_CorrespondingSourceObject: {fileID: 0}
  m_PrefabInstance: {fileID: 0}
  m_PrefabAsset: {fileID: 0}
  m_Name: Master
  m_AudioMixer: {fileID: 24100000}
  m_GroupID: 5fa05e77117d20c4e8edd32715e08ddf
  m_Children:
  - {fileID: 6856214271472854724}
  - {fileID: 5714019837594657095}
  m_Volume: 7319d1b56e49a304db755978b3bca93a
  m_Pitch: bcb0ba9688a9c1b4e9003ba59e919642
  m_Send: 00000000000000000000000000000000
  m_Effects:
  - {fileID: 24400004}
  - {fileID: -57391149467734490}
  m_UserColorIndex: 0
  m_Mute: 0
  m_Solo: 0
  m_BypassEffects: 0
--- !u!244 &24400004
AudioMixerEffectController:
  m_ObjectHideFlags: 3
  m_CorrespondingSourceObject: {fileID: 0}
  m_PrefabInstance: {fileID: 0}
  m_PrefabAsset: {fileID: 0}
  m_Name: 
  m_EffectID: ef357745ce860d3478888e7de9a539e6
  m_EffectName: Attenuation
  m_MixLevel: 6ac97def6975c5b469b86982d207783d
  m_Parameters: []
  m_SendTarget: {fileID: 0}
  m_EnableWetMix: 0
  m_Bypass: 0
--- !u!245 &24500006
AudioMixerSnapshotController:
  m_ObjectHideFlags: 0
  m_CorrespondingSourceObject: {fileID: 0}
  m_PrefabInstance: {fileID: 0}
  m_PrefabAsset: {fileID: 0}
  m_Name: Default
  m_AudioMixer: {fileID: 24100000}
  m_SnapshotID: 99b1026e642b0fc418d3633e4f3816bb
  m_FloatValues:
    48ab624063471834d8d2028d3086fde8: 0.1
    eb1c35014d78dc44aa8c8a66be98cdb8: 0.01
    1fc29a63fc1592c4ca5369435ef50320: -7218
    91caa2e32b569284fb0bf57e165f96ac: 0.02
    41d89125ee5ef2742824bae37254425e: -10000
    d20e5816491a386479fea77530abb5a2: 100
    9e978429c5085ea4e9886a0f62556980: -10000
    0cd8f159d091010439f6a205618a180d: 0
    ab21888a16620aa4b846fa5510e2487a: 100
    5ac0afca2a3faae488b12bbf742c0565: 0.41
    d8f36b3ba2541654abef7cdfad6265d5: -10000
    a144910da857f7c4696d670e87865392: -80
    fa51ff6eb29ab83498249264a1f92975: -80
    5aa9bb7ead9a40942bfca12e3c8b8510: -831
    279babfeecf58544dab4fcb8beca34ec: -17.29471
    166cfbfec2523a74eaad10631b396c24: 5.1526933
  m_TransitionOverrides: {}
--- !u!244 &412552230516234633
AudioMixerEffectController:
  m_ObjectHideFlags: 3
  m_CorrespondingSourceObject: {fileID: 0}
  m_PrefabInstance: {fileID: 0}
  m_PrefabAsset: {fileID: 0}
  m_Name: 
  m_EffectID: 1ee6b668dc90654439be692af3aedb0d
  m_EffectName: Attenuation
  m_MixLevel: a146010069b94c24cab755c8b6877a4d
  m_Parameters: []
  m_SendTarget: {fileID: 0}
  m_EnableWetMix: 0
  m_Bypass: 0
--- !u!244 &3534785513007072575
AudioMixerEffectController:
  m_ObjectHideFlags: 3
  m_CorrespondingSourceObject: {fileID: 0}
  m_PrefabInstance: {fileID: 0}
  m_PrefabAsset: {fileID: 0}
  m_Name: 
  m_EffectID: 42a4175e73d6058418f24fd5975f9170
  m_EffectName: Attenuation
  m_MixLevel: db53a268b9d67da4fb463cc6b3790a03
  m_Parameters: []
  m_SendTarget: {fileID: 0}
  m_EnableWetMix: 0
  m_Bypass: 0
--- !u!245 &5212983955968334111
AudioMixerSnapshotController:
  m_ObjectHideFlags: 0
  m_CorrespondingSourceObject: {fileID: 0}
  m_PrefabInstance: {fileID: 0}
  m_PrefabAsset: {fileID: 0}
  m_Name: BelowDeck
  m_AudioMixer: {fileID: 24100000}
  m_SnapshotID: 612eb6682fe9f9346bb43ef04fed2f0d
  m_FloatValues:
    48ab624063471834d8d2028d3086fde8: 0.46
    eb1c35014d78dc44aa8c8a66be98cdb8: 0.014
    1fc29a63fc1592c4ca5369435ef50320: 0
    91caa2e32b569284fb0bf57e165f96ac: 0.0169
    41d89125ee5ef2742824bae37254425e: -73
    d20e5816491a386479fea77530abb5a2: 100
    9e978429c5085ea4e9886a0f62556980: -404
    0cd8f159d091010439f6a205618a180d: 0
    ab21888a16620aa4b846fa5510e2487a: 100
    5ac0afca2a3faae488b12bbf742c0565: 0.792
    d8f36b3ba2541654abef7cdfad6265d5: -940
    a144910da857f7c4696d670e87865392: -25.647947
    fa51ff6eb29ab83498249264a1f92975: 0
    5aa9bb7ead9a40942bfca12e3c8b8510: 0
    279babfeecf58544dab4fcb8beca34ec: -32.775723
    166cfbfec2523a74eaad10631b396c24: 4.648096
  m_TransitionOverrides: {}
--- !u!243 &5714019837594657095
AudioMixerGroupController:
  m_ObjectHideFlags: 0
  m_CorrespondingSourceObject: {fileID: 0}
  m_PrefabInstance: {fileID: 0}
  m_PrefabAsset: {fileID: 0}
  m_Name: Ocean
  m_AudioMixer: {fileID: 24100000}
  m_GroupID: 6022f2bb0b4b467479311bc2ee3a1a18
  m_Children: []
  m_Volume: 279babfeecf58544dab4fcb8beca34ec
  m_Pitch: 66d655e3305befd4b864a817faa4dd38
  m_Send: 00000000000000000000000000000000
  m_Effects:
  - {fileID: -3413440264057046129}
  m_UserColorIndex: 0
  m_Mute: 0
  m_Solo: 0
  m_BypassEffects: 0
--- !u!243 &6657109825265040254
AudioMixerGroupController:
  m_ObjectHideFlags: 0
  m_CorrespondingSourceObject: {fileID: 0}
  m_PrefabInstance: {fileID: 0}
  m_PrefabAsset: {fileID: 0}
  m_Name: Creaking
  m_AudioMixer: {fileID: 24100000}
  m_GroupID: 362f951b39159074cabafd94f8fa3fce
  m_Children: []
  m_Volume: a144910da857f7c4696d670e87865392
  m_Pitch: 1e3726918f74d18458734522bc2a274a
  m_Send: 00000000000000000000000000000000
  m_Effects:
  - {fileID: -8448609500217918400}
  m_UserColorIndex: 0
  m_Mute: 0
  m_Solo: 0
  m_BypassEffects: 0
--- !u!243 &6856214271472854724
AudioMixerGroupController:
  m_ObjectHideFlags: 0
  m_CorrespondingSourceObject: {fileID: 0}
  m_PrefabInstance: {fileID: 0}
  m_PrefabAsset: {fileID: 0}
  m_Name: Ship
  m_AudioMixer: {fileID: 24100000}
  m_GroupID: 9c985b066167e564cbbb6d454d898101
  m_Children:
  - {fileID: -8761326200802147463}
  - {fileID: 6657109825265040254}
  m_Volume: 66f2c7d68513ff94aad8ebdcde6190ce
  m_Pitch: da746e7c415f4de468d008334e39e9ea
  m_Send: 00000000000000000000000000000000
  m_Effects:
  - {fileID: 412552230516234633}
  m_UserColorIndex: 0
  m_Mute: 0
  m_Solo: 0
  m_BypassEffects: 0
