%YAML 1.1
%TAG !u! tag:unity3d.com,2011:
--- !u!1 &4665273662613329486
GameObject:
  m_ObjectHideFlags: 0
  m_CorrespondingSourceObject: {fileID: 0}
  m_PrefabInstance: {fileID: 0}
  m_PrefabAsset: {fileID: 0}
  serializedVersion: 6
  m_Component:
  - component: {fileID: 3005893715852084681}
  - component: {fileID: 271681111999644482}
  - component: {fileID: 6088308104435876078}
  - component: {fileID: 6088308104435876073}
  - component: {fileID: 6088308104435876072}
  - component: {fileID: 6088308104435876079}
  - component: {fileID: 6088308104435876074}
  - component: {fileID: -3521675061637311651}
  m_Layer: 0
  m_Name: BlockBT_Strapped
  m_TagString: Untagged
  m_Icon: {fileID: 0}
  m_NavMeshLayer: 0
  m_StaticEditorFlags: 0
  m_IsActive: 1
--- !u!4 &3005893715852084681
Transform:
  m_ObjectHideFlags: 0
  m_CorrespondingSourceObject: {fileID: 0}
  m_PrefabInstance: {fileID: 0}
  m_PrefabAsset: {fileID: 0}
  m_GameObject: {fileID: 4665273662613329486}
  m_LocalRotation: {x: -0, y: -0, z: -0, w: 1}
  m_LocalPosition: {x: 0, y: 0, z: 0}
  m_LocalScale: {x: 1, y: 1, z: 1}
  m_ConstrainProportionsScale: 0
  m_Children: []
  m_Father: {fileID: 0}
  m_RootOrder: 10
  m_LocalEulerAnglesHint: {x: 0, y: 0, z: 0}
--- !u!33 &271681111999644482
MeshFilter:
  m_ObjectHideFlags: 0
  m_CorrespondingSourceObject: {fileID: 0}
  m_PrefabInstance: {fileID: 0}
  m_PrefabAsset: {fileID: 0}
  m_GameObject: {fileID: 4665273662613329486}
  m_Mesh: {fileID: 4281034985835171680, guid: bc0b9cd5cd68fe44a91e3696e266cb29, type: 3}
--- !u!23 &6088308104435876078
MeshRenderer:
  m_ObjectHideFlags: 0
  m_CorrespondingSourceObject: {fileID: 0}
  m_PrefabInstance: {fileID: 0}
  m_PrefabAsset: {fileID: 0}
  m_GameObject: {fileID: 4665273662613329486}
  m_Enabled: 1
  m_CastShadows: 0
  m_ReceiveShadows: 1
  m_DynamicOccludee: 1
  m_StaticShadowCaster: 0
  m_MotionVectors: 1
  m_LightProbeUsage: 1
  m_ReflectionProbeUsage: 1
  m_RayTracingMode: 0
  m_RayTraceProcedural: 0
  m_RenderingLayerMask: 257
  m_RendererPriority: 0
  m_Materials:
  - {fileID: 2100000, guid: 9a341a8322580124a97911504a0de664, type: 2}
  - {fileID: 2100000, guid: b40e18fb85fb17948beb79e31e03d0d2, type: 2}
  m_StaticBatchInfo:
    firstSubMesh: 0
    subMeshCount: 0
  m_StaticBatchRoot: {fileID: 0}
  m_ProbeAnchor: {fileID: 0}
  m_LightProbeVolumeOverride: {fileID: 0}
  m_ScaleInLightmap: 1
  m_ReceiveGI: 1
  m_PreserveUVs: 0
  m_IgnoreNormalsForChartDetection: 0
  m_ImportantGI: 0
  m_StitchLightmapSeams: 1
  m_SelectedEditorRenderState: 3
  m_MinimumChartSize: 4
  m_AutoUVMaxDistance: 0.5
  m_AutoUVMaxAngle: 89
  m_LightmapParameters: {fileID: 0}
  m_SortingLayerID: 0
  m_SortingLayer: 0
  m_SortingOrder: 0
  m_AdditionalVertexStreams: {fileID: 0}
--- !u!114 &6088308104435876073
MonoBehaviour:
  m_ObjectHideFlags: 0
  m_CorrespondingSourceObject: {fileID: 0}
  m_PrefabInstance: {fileID: 0}
  m_PrefabAsset: {fileID: 0}
  m_GameObject: {fileID: 4665273662613329486}
  m_Enabled: 1
  m_EditorHideFlags: 0
  m_Script: {fileID: 11500000, guid: 9e6394d843964a0a8dee68ffe963981d, type: 3}
  m_Name: 
  m_EditorClassIdentifier: 
  m_offset: {x: 0.06, y: -0.27, z: 0}
  m_radius: 0.1
  m_invertDirection: 0
  m_degreesPerVertex: 45
--- !u!114 &6088308104435876072
MonoBehaviour:
  m_ObjectHideFlags: 0
  m_CorrespondingSourceObject: {fileID: 0}
  m_PrefabInstance: {fileID: 0}
  m_PrefabAsset: {fileID: 0}
  m_GameObject: {fileID: 4665273662613329486}
  m_Enabled: 1
  m_EditorHideFlags: 0
  m_Script: {fileID: 11500000, guid: 9e6394d843964a0a8dee68ffe963981d, type: 3}
  m_Name: 
  m_EditorClassIdentifier: 
  m_offset: {x: 0, y: -0.27, z: 0}
  m_radius: 0.1
  m_invertDirection: 0
  m_degreesPerVertex: 45
--- !u!114 &6088308104435876079
MonoBehaviour:
  m_ObjectHideFlags: 0
  m_CorrespondingSourceObject: {fileID: 0}
  m_PrefabInstance: {fileID: 0}
  m_PrefabAsset: {fileID: 0}
  m_GameObject: {fileID: 4665273662613329486}
  m_Enabled: 1
  m_EditorHideFlags: 0
  m_Script: {fileID: 11500000, guid: 9e6394d843964a0a8dee68ffe963981d, type: 3}
  m_Name: 
  m_EditorClassIdentifier: 
  m_offset: {x: -0.06, y: -0.27, z: 0}
  m_radius: 0.1
  m_invertDirection: 0
  m_degreesPerVertex: 45
--- !u!114 &6088308104435876074
MonoBehaviour:
  m_ObjectHideFlags: 0
  m_CorrespondingSourceObject: {fileID: 0}
  m_PrefabInstance: {fileID: 0}
  m_PrefabAsset: {fileID: 0}
  m_GameObject: {fileID: 4665273662613329486}
  m_Enabled: 1
  m_EditorHideFlags: 0
  m_Script: {fileID: 11500000, guid: 51f85c9229c34abc93a36347513a129b, type: 3}
  m_Name: 
  m_EditorClassIdentifier: 
  m_offset: {x: 0, y: -0.41, z: 0}
--- !u!114 &-3521675061637311651
MonoBehaviour:
  m_ObjectHideFlags: 0
  m_CorrespondingSourceObject: {fileID: 0}
  m_PrefabInstance: {fileID: 0}
  m_PrefabAsset: {fileID: 0}
  m_GameObject: {fileID: 4665273662613329486}
  m_Enabled: 1
  m_EditorHideFlags: 0
  m_Script: {fileID: 11500000, guid: 51f85c9229c34abc93a36347513a129b, type: 3}
  m_Name: 
  m_EditorClassIdentifier: 
  m_offset: {x: 0, y: 0, z: 0}
